<collection xmlns="http://www.loc.gov/MARC21/slim">
<record>
  <leader>02058nam0a2200325 i 450 </leader>
  <controlfield tag="001">IT\ICCU\CNCE\037842</controlfield>
  <controlfield tag="005">20060524000000.0</controlfield>
  <datafield tag="012" ind1=" " ind2=" ">
    <subfield code="a">m.u: o-m. uaus plei (7) 1526 (R)</subfield>
    <subfield code="2">fei</subfield>
  </datafield>
  <datafield tag="100" ind1=" " ind2=" ">
    <subfield code="a">19981022d1526        0itac0103    ba</subfield>
  </datafield>
  <datafield tag="101" ind1=" " ind2=" ">
    <subfield code="a">LAT</subfield>
  </datafield>
  <datafield tag="102" ind1=" " ind2=" ">
    <subfield code="a">IT</subfield>
  </datafield>
  <datafield tag="200" ind1="1" ind2=" ">
    <subfield code="a">Opus Pandectarum. Habes studiossime \!! lector Opus Pandectarum medicine Matthei Siluatici nuper impressum cum quottationibus omnium auctorum in locis proprijs &amp; Symone Ianuensi additis etiam nonnullis capitulis simplicium medicinarum in alijs non compertis: nec non &amp; tractatu declarante quantum ex solutiuis laboriosis ingrediatur pro singula dragma pillularum &amp; ellectuariorum sollutiuorum; necnon etiam tabula addita eximium doctorem d. magistrum Dominicum Martinum de Sospitello: ...</subfield>
  </datafield>
  <datafield tag="210" ind1=" " ind2=" ">
    <subfield code="e">Impressum Taurini</subfield>
    <subfield code="g">per Anthonium Ranotum ciuem Taurinensem. Venundatur in apotheca Antoni Ranoti sub signo diui Xristophoris</subfield>
    <subfield code="h">1526 die xij mensis Septembris</subfield>
  </datafield>
  <datafield tag="215" ind1=" " ind2=" ">
    <subfield code="a">CC, \4! c.</subfield>
    <subfield code="d">4ʻ</subfield>
  </datafield>
  <datafield tag="620" ind1=" " ind2=" ">
    <subfield code="a">IT</subfield>
    <subfield code="d">Torino</subfield>
  </datafield>
  <datafield tag="700" ind1=" " ind2="1">
    <subfield code="a">Silvatico,</subfield>
    <subfield code="b">Matteo</subfield>
    <subfield code="3">IT\ICCU\CNCA\008117</subfield>
  </datafield>
  <datafield tag="702" ind1=" " ind2="1">
    <subfield code="a">Sardo,</subfield>
    <subfield code="b">Battista</subfield>
    <subfield code="3">IT\ICCU\CNCA\017996</subfield>
  </datafield>
  <datafield tag="702" ind1=" " ind2="1">
    <subfield code="a">Martinus,</subfield>
    <subfield code="b">Dominicus</subfield>
    <subfield code="3">IT\ICCU\CNCA\018169</subfield>
  </datafield>
  <datafield tag="702" ind1=" " ind2="1">
    <subfield code="a">Cordo,</subfield>
    <subfield code="b">Simone</subfield>
    <subfield code="3">IT\ICCU\CNCA\000129</subfield>
  </datafield>
  <datafield tag="712" ind1="0" ind2="0">
    <subfield code="a">Ranoto, Antonio</subfield>
    <subfield code="3">IT\ICCU\CNCT\000382</subfield>
    <subfield code="4">650</subfield>
  </datafield>
  <datafield tag="790" ind1=" " ind2="1">
    <subfield code="a">Sylvaticus,</subfield>
    <subfield code="b">Matthaeus</subfield>
    <subfield code="3">IT\ICCU\CNCA\009598</subfield>
    <subfield code="z">Silvatico, Matteo</subfield>
  </datafield>
  <datafield tag="790" ind1=" " ind2="1">
    <subfield code="a">Silvaticus,</subfield>
    <subfield code="b">Matthaeus</subfield>
    <subfield code="3">IT\ICCU\CNCA\024792</subfield>
    <subfield code="z">Silvatico, Matteo</subfield>
  </datafield>
  <datafield tag="790" ind1=" " ind2="1">
    <subfield code="a">Sardus,</subfield>
    <subfield code="b">Baptista</subfield>
    <subfield code="3">IT\ICCU\CNCA\029687</subfield>
    <subfield code="z">Sardo, Battista</subfield>
  </datafield>
  <datafield tag="790" ind1=" " ind2="1">
    <subfield code="a">Sospitello,</subfield>
    <subfield code="b">Dominicus Martinus : de</subfield>
    <subfield code="3">IT\ICCU\CNCA\020679</subfield>
    <subfield code="z">Martinus, Dominicus</subfield>
  </datafield>
  <datafield tag="790" ind1=" " ind2="0">
    <subfield code="a">Simon</subfield>
    <subfield code="c"> : Januensis</subfield>
    <subfield code="3">IT\ICCU\CNCA\013956</subfield>
    <subfield code="z">Cordo, Simone</subfield>
  </datafield>
  <datafield tag="791" ind1="0" ind2="0">
    <subfield code="a">Ranotus, Antonius</subfield>
    <subfield code="3">IT\ICCU\CNCT\005306</subfield>
    <subfield code="z">Ranoto, Antonio</subfield>
  </datafield>
  <datafield tag="801" ind1=" " ind2="3">
    <subfield code="a">IT</subfield>
    <subfield code="b">ICCU</subfield>
    <subfield code="c">20201114</subfield>
  </datafield>
  <datafield tag="899" ind1=" " ind2=" ">
    <subfield code="a">Biblioteca comunale Alceste e Remigio Roccella. Piazza Armerina</subfield>
    <subfield code="1">EN0018</subfield>
    <subfield code="2">ZEN 04</subfield>
  </datafield>
  <datafield tag="899" ind1=" " ind2=" ">
    <subfield code="a">Biblioteche del Polo di medicina legale, anatomia patologica e storia della medicina dell&apos;Universit ̉degli Studi di Padova. Padova</subfield>
    <subfield code="1">PD0403</subfield>
    <subfield code="2">PUV 43</subfield>
  </datafield>
  <datafield tag="899" ind1=" " ind2=" ">
    <subfield code="a">British Library. London</subfield>
    <subfield code="1">UK0001</subfield>
  </datafield>
</record>
</collection>
